@misc{panasonic_lumix_s5,
    author  = "相机笔记",
    title   = "聊一款性价比愈发突出的混合型全幅微单",
    url    = "https://mp.weixin.qq.com/s/d-qXOa4p5FGzzg5l9wEqNQ"
}
@misc{sony_alpha7_iv_announment,
    author = "相机笔记",
    title  = "索尼全画幅新基准 索尼微单Alpha 7 IV发布",
    url    = "https://mp.weixin.qq.com/s/cWarLFz11Fg7_0d_LqMmNA"
}
@misc{sony_products_analysis,
    author = "相机笔记",
    title  = "没有人比我更懂索尼全幅微单",
    url    = "https://mp.weixin.qq.com/s/QZVpxxzPLSCWpCMB7Uja4Q"
}
@misc{iso_aperture_shutter,
    author = "pixelhk",
    title  = "摄影的三个主要元素：光圈、快门、ISO",
    url    = "https://www.pixelhk.com/cn/news/sylessonfirst"
}
@misc{focal_length_shutter_etc,
    author = "Spark and ShineSkip to content",
    title  = "单反入门：焦距、光圈、快门、曝光度",
    url    = "http://sparkandshine.net/single-lens-reflex-camera-primer-focal-length-aperture-shutter-iso/"
}
@misc{depth_of_field,
    author = "陈磊",
    title  = "景深和画幅、光圈、焦距的关系",
    url    = "https://zhuanlan.zhihu.com/p/113113280"
}
@misc{rolling_shutter,
    author = "小狼啊小狼",
    title  = "关于卷帘快门逐行曝光所造成的“果冻效应”浅谈",
    url    = "https://zhuanlan.zhihu.com/p/42884945"
}
@misc{chromatic_aberration1,
    author = "乆堘",
    title  = "抄袭篇-透镜神话之紫色光环",
    url    = "http://flinjucn.lofter.com/post/2f0cb8_141eac6#:~:text=%E9%80%9A%E8%BF%87%E7%A0%94%E7%A9%B6%E5%8F%91%E7%8E%B0%E7%B4%AB%E8%BE%B9,%E5%BA%A6%E4%B8%8D%E5%90%8C%E8%80%8C%E5%BD%A2%E6%88%90%E7%9A%84%E3%80%82"
}
@misc{chromatic_aberration2,
    author = "wuqiseu",
    title  = "chromatic aberration 色差现象与紫边现象",
    url    = "http://blog.sina.com.cn/s/blog_80ce3a550102wp7x.html"
}
@misc{frame,
    author = "woodlouse",
    title  = "相机画幅究竟是什么，全画幅和半画幅有什么区别",
    url    = "https://zhuanlan.zhihu.com/p/36878963"
}